<?xml version="1.0" encoding="UTF-8"?><record xmlns="http://www.loc.gov/MARC21/slim" xmlns:cinclude="http://apache.org/cocoon/include/1.0" xmlns:zs="http://www.loc.gov/zing/srw/">
  <leader>00444nz  a2200133n  4500</leader>
  <controlfield tag="001">n 2003098164</controlfield>
  <controlfield tag="003">DLC</controlfield>
  <controlfield tag="005">20030402133412.0</controlfield>
  <controlfield tag="008">030402n| acannaabn          |a aaa      </controlfield>
  <datafield tag="010" ind1=" " ind2=" ">
    <subfield code="a">n 2003098164</subfield>
  </datafield>
  <datafield tag="040" ind1=" " ind2=" ">
    <subfield code="a">DLC</subfield>
    <subfield code="b">eng</subfield>
    <subfield code="c">DLC</subfield>
  </datafield>
  <datafield tag="100" ind1="1" ind2=" ">
    <subfield code="a">Campins Vargas, Aurora</subfield>
  </datafield>
  <datafield tag="400" ind1="1" ind2=" ">
    <subfield code="a">Vargas, Aurora Campins</subfield>
  </datafield>
  <datafield tag="670" ind1=" " ind2=" ">
    <subfield code="a">Campins Vargas, Aurora. La sociedad profesional, 2000:</subfield>
    <subfield code="b">t.p. (Aurora Campins Vargas, asst. prof. on commerce law, Univ. AutoĚnoma de Madrid)</subfield>
  </datafield>
</record>